<record><leader>00000cas a22000007a 4500</leader><controlfield tag="001">18047023</controlfield><controlfield tag="008">880607c19199999ohuwr ne      0    0eng d</controlfield><datafield ind1=" " ind2=" " tag="010"><subfield code="a">sn 88078599 </subfield></datafield><datafield ind1=" " ind2=" " tag="040"><subfield code="a">ONP</subfield><subfield code="b">eng</subfield><subfield code="c">ONP</subfield><subfield code="d">OCLCQ</subfield></datafield><datafield ind1=" " ind2=" " tag="042"><subfield code="a">msc</subfield></datafield><datafield ind1="0" ind2="0" tag="245"><subfield code="a">Newton Falls herald.</subfield></datafield><datafield ind1=" " ind2=" " tag="260"><subfield code="a">Newton Falls, Ohio :</subfield><subfield code="b">E.R. Smith</subfield></datafield><datafield ind1=" " ind2=" " tag="310"><subfield code="a">Weekly</subfield></datafield><datafield ind1="1" ind2=" " tag="362"><subfield code="a">Began in 1919?</subfield></datafield><datafield ind1=" " ind2=" " tag="588"><subfield code="a">Description based on: Vol. 39, no. 1 (Jan. 1, 1920).</subfield></datafield><datafield ind1=" " ind2=" " tag="752"><subfield code="a">United States</subfield><subfield code="b">Ohio</subfield><subfield code="c">Trumbull</subfield><subfield code="d">Newton Falls.</subfield></datafield><datafield ind1="0" ind2="0" tag="780"><subfield code="t">Tri-county news (Newton Falls, Ohio)</subfield><subfield code="w">(DLC)sn 90068299</subfield></datafield></record>